@article{radford2015unsupervised,
  title={Unsupervised representation learning with deep convolutional generative adversarial networks},
  author={Radford, Alec and Metz, Luke and Chintala, Soumith},
  journal={arXiv preprint arXiv:1511.06434},
  year={2015}
}

@article{zhao2016energy,
  title={Energy-based generative adversarial network},
  author={Zhao, Junbo and Mathieu, Michael and LeCun, Yann},
  journal={arXiv preprint arXiv:1609.03126},
  year={2016}
}

@article{mao2016least,
  title={Least squares generative adversarial networks},
  author={Mao, Xudong and Li, Qing and Xie, Haoran and Lau, Raymond YK and Wang, Zhen and Smolley, Stephen Paul},
  journal={arXiv preprint ArXiv:1611.04076},
  year={2016}
}

@article{arjovsky2017wasserstein,
  title={Wasserstein gan},
  author={Arjovsky, Martin and Chintala, Soumith and Bottou, L{\'e}on},
  journal={arXiv preprint arXiv:1701.07875},
  year={2017}
}

@article{isola2016image,
  title={Image-to-image translation with conditional adversarial networks},
  author={Isola, Phillip and Zhu, Jun-Yan and Zhou, Tinghui and Efros, Alexei A},
  journal={arXiv preprint arXiv:1611.07004},
  year={2016}
}

@inproceedings{arjovsky2017towards,
  title={Towards principled methods for training generative adversarial networks},
  author={Arjovsky, Martin and Bottou, L{\'e}on},
  booktitle={NIPS 2016 Workshop on Adversarial Training. In review for ICLR},
  volume={2016},
  year={2017}
}

@inproceedings{zhang2016colorful,
  title={Colorful image colorization},
  author={Zhang, Richard and Isola, Phillip and Efros, Alexei A},
  booktitle={European Conference on Computer Vision},
  pages={649--666},
  year={2016},
  organization={Springer}
}


@inproceedings{torres2005color,
  title={Color correction of underwater images for aquatic robot inspection},
  author={Torres-M{\'e}ndez, Luz A and Dudek, Gregory},
  booktitle={International Workshop on Energy Minimization Methods in Computer Vision and Pattern Recognition},
  pages={60--73},
  year={2005},
  organization={Springer}
}

@inproceedings{luan2007natural,
  title={Natural image colorization},
  author={Luan, Qing and Wen, Fang and Cohen-Or, Daniel and Liang, Lin and Xu, Ying-Qing and Shum, Heung-Yeung},
  booktitle={Proceedings of the 18th Eurographics conference on Rendering Techniques},
  pages={309--320},
  year={2007},
  organization={Eurographics Association}
}


@article{charpiat2008automatic,
  title={Automatic image colorization via multimodal predictions},
  author={Charpiat, Guillaume and Hofmann, Matthias and Sch{\"o}lkopf, Bernhard},
  journal={Computer Vision--ECCV 2008},
  pages={126--139},
  year={2008},
  publisher={Springer}
}


@inproceedings{konushin2006interactive,
  title={Interactive image colorization and recoloring based on coupled map lattices},
  author={Konushin, Vadim and Vezhnevets, Vladimir},
  booktitle={Graphiconâ€™2006 conference proceedings, Novosibirsk Akademgorodok, Russia},
  pages={231--234},
  year={2006}
}


@article{bugeau2014variational,
  title={Variational exemplar-based image colorization},
  author={Bugeau, Aurelie and Ta, Vinh-Thong and Papadakis, Nicolas},
  journal={IEEE Transactions on Image Processing},
  volume={23},
  number={1},
  pages={298--307},
  year={2014},
  publisher={IEEE}
}

@article{lecun2015deep,
  title={Deep learning},
  author={LeCun, Yann and Bengio, Yoshua and Hinton, Geoffrey},
  journal={Nature},
  volume={521},
  number={7553},
  pages={436--444},
  year={2015},
  publisher={Nature Research}
}

@inproceedings{lagodzinski2008digital,
  title={Digital image colorization based on probabilistic distance transformation},
  author={Lagodzinski, Przemyslaw and Smolka, Bogdan},
  booktitle={ELMAR, 2008. 50th International Symposium},
  volume={2},
  pages={495--498},
  year={2008},
  organization={IEEE}
}

@inproceedings{levin2004colorization,
  title={Colorization using optimization},
  author={Levin, Anat and Lischinski, Dani and Weiss, Yair},
  booktitle={ACM Transactions on Graphics (ToG)},
  volume={23},
  number={3},
  pages={689--694},
  year={2004},
  organization={ACM}
}

@inproceedings{cheng2015deep,
  title={Deep colorization},
  author={Cheng, Zezhou and Yang, Qingxiong and Sheng, Bin},
  booktitle={Proceedings of the IEEE International Conference on Computer Vision},
  pages={415--423},
  year={2015}
}

@inproceedings{goodfellow2014generative,
  title={Generative adversarial nets},
  author={Goodfellow, Ian and Pouget-Abadie, Jean and Mirza, Mehdi and Xu, Bing and Warde-Farley, David and Ozair, Sherjil and Courville, Aaron and Bengio, Yoshua},
  booktitle={Advances in neural information processing systems},
  pages={2672--2680},
  year={2014}
}

%%%%%%%%%%
@article{bugeau2014variational,
  title={Variational exemplar-based image colorization},
  author={Bugeau, Aur{\'e}lie and Ta, Vinh-Thong and Papadakis, Nicolas},
  journal={IEEE Transactions on Image Processing},
  volume={23},
  number={1},
  pages={298--307},
  year={2014},
  publisher={IEEE}
}

@article{iizuka2016let,
  title={Let there be color!: joint end-to-end learning of global and local image priors for automatic image colorization with simultaneous classification},
  author={Iizuka, Satoshi and Simo-Serra, Edgar and Ishikawa, Hiroshi},
  journal={ACM Transactions on Graphics (TOG)},
  volume={35},
  number={4},
  pages={110},
  year={2016},
  publisher={ACM}
}

@inproceedings{deshpande2015learning,
  title={Learning large-scale automatic image colorization},
  author={Deshpande, Aditya and Rock, Jason and Forsyth, David},
  booktitle={Proceedings of the IEEE International Conference on Computer Vision},
  pages={567--575},
  year={2015}
}

@article{varga2016fully,
  title={Fully automatic image colorization based on Convolutional Neural Network},
  author={VARGA, Domonkos and Szir{\'a}nyi, Tam{\'a}s},
  journal={4th Winter School of PhD Students in Informatics and Mathematics},
  pages={36},
  year={2016}
}



@article{vrhel1992color,
  title={Color correction using principal components},
  author={Vrhel, Michael J and Trussell, HJ},
  journal={Color Research \& Application},
  volume={17},
  number={5},
  pages={328--338},
  year={1992},
  publisher={Wiley Online Library}
}

@article{reinhard2001color,
  title={Color transfer between images},
  author={Reinhard, Erik and Adhikhmin, Michael and Gooch, Bruce and Shirley, Peter},
  journal={IEEE Computer graphics and applications},
  volume={21},
  number={5},
  pages={34--41},
  year={2001},
  publisher={IEEE}
}

@article{rizzi2003new,
  title={A new algorithm for unsupervised global and local color correction},
  author={Rizzi, Alessandro and Gatta, Carlo and Marini, Daniele},
  journal={Pattern Recognition Letters},
  volume={24},
  number={11},
  pages={1663--1677},
  year={2003},
  publisher={Elsevier}
}

@misc{nicholson2016dynamic,
  title={Dynamic projected image color correction based on projected surface coloration},
  author={Nicholson, John Weldon and Locker, Howard Jeffrey and Stewart, Aaron Michael and Case, Michaela Rose},
  year={2016},
  month=jan # "~5",
  publisher={Google Patents},
  note={US Patent 9,232,201}
}

@article{li2017watergan,
  title={WaterGAN: Unsupervised Generative Network to Enable Real-time Color Correction of Monocular Underwater Images},
  author={Li, Jie and Skinner, Katherine A and Eustice, Ryan M and Johnson-Roberson, Matthew},
  journal={arXiv preprint arXiv:1702.07392},
  year={2017}
}

@misc{ross2014system,
  title={System and method for spot color correction},
  author={Ross Jr, Robert Clifford and Parker, Kenneth Orin and Deck, Thomas Howard},
  year={2014},
  month=jun # "~3",
  publisher={Google Patents},
  note={US Patent 8,743,421}
}

@article{finlayson2016color,
  title={Color homography color correction},
  author={Finlayson, Graham D and Gong, Han and Fisher, Robert B},
  journal={arXiv preprint arXiv:1607.05947},
  year={2016}
}

@article{hsieh2015vehicle,
  title={Vehicle color classification under different lighting conditions through color correction},
  author={Hsieh, Jun-Wei and Chen, Li-Chih and Chen, Sin-Yu and Chen, Duan-Yu and Alghyaline, Salah and Chiang, Hui-Fen},
  journal={IEEE Sensors Journal},
  volume={15},
  number={2},
  pages={971--983},
  year={2015},
  publisher={IEEE}
}

@inproceedings{lu2013underwater,
  title={Underwater image enhancement using guided trigonometric bilateral filter and fast automatic color correction},
  author={Lu, Huimin and Li, Yujie and Serikawa, Seiichi},
  booktitle={Image Processing (ICIP), 2013 20th IEEE International Conference on},
  pages={3412--3416},
  year={2013},
  organization={IEEE}
}

@misc{celebA,
  title = {CelebA dataset},
  howpublished = {\url{http://mmlab.ie.cuhk.edu.hk/projects/CelebA.html}},
  note = {Accessed: 04-20-2017}
}

@misc{places2,
  title = {Places2 dataset},
  howpublished = {\url{http://places2.csail.mit.edu/download.html}},
  note = {Accessed: 04-20-2017}
}

@misc{AnatCol,
  title = {Anat's colorization.},
  howpublished = {\url{http://www.cs.huji.ac.il/~yweiss/Colorization/}},
  note = {Accessed: 04-20-2017}
}

@misc{ColCol,
  title = {Colorful colorization.},
  howpublished = {\url{http://richzhang.github.io/colorization/}},
  note = {Accessed: 04-20-2017}
}

@inproceedings{nair2010rectified,
  title={Rectified linear units improve restricted boltzmann machines},
  author={Nair, Vinod and Hinton, Geoffrey E},
  booktitle={Proceedings of the 27th international conference on machine learning (ICML-10)},
  pages={807--814},
  year={2010}
}

@article{ioffe2015batch,
  title={Batch normalization: Accelerating deep network training by reducing internal covariate shift},
  author={Ioffe, Sergey and Szegedy, Christian},
  journal={arXiv preprint arXiv:1502.03167},
  year={2015}
}

@article{abadi2016tensorflow,
  title={Tensorflow: Large-scale machine learning on heterogeneous distributed systems},
  author={Abadi, Mart{\'\i}n and Agarwal, Ashish and Barham, Paul and Brevdo, Eugene and Chen, Zhifeng and Citro, Craig and Corrado, Greg S and Davis, Andy and Dean, Jeffrey and Devin, Matthieu and others},
  journal={arXiv preprint arXiv:1603.04467},
  year={2016}
}

@inproceedings{deng2009imagenet,
  title={Imagenet: A large-scale hierarchical image database},
  author={Deng, Jia and Dong, Wei and Socher, Richard and Li, Li-Jia and Li, Kai and Fei-Fei, Li},
  booktitle={Computer Vision and Pattern Recognition, 2009. CVPR 2009. IEEE Conference on},
  pages={248--255},
  year={2009},
  organization={IEEE}
}

